% Encoding: US-ASCII

@WWW{AprilTagDemo,
  author = {Dr. Kaputa},
  title  = {Matlab April Tag Demo},
  year   = {2021},
  date   = {2023-11-10},
  url    = {https://www.mathworks.com/matlabcentral/fileexchange/85885-matlab-april-tag-demo},
}

@WWW{MatlabShowRobotFunction,
  author = {Mathworks},
  title  = {Show Robot Model in Figure},
  year   = {2023},
  date   = {2023-11-10},
  url    = {https://www.mathworks.com/help/robotics/ref/rigidbodytree.show.html},
}

@WWW{CameraCal,
  author = {Mathworks},
  title  = {Camera Calibration Using AprilTag Markers},
  year   = {2023},
  date   = {2023-11-10},
  url    = {https://www.mathworks.com/help/vision/ug/camera-calibration-using-apriltag-markers.html},
}

@WWW{DetectAprilDemo,
  author = {Mathworks},
  title  = {Detect and Estimate Pose for AprilTag in Image},
  year   = {2023},
  date   = {2023-11-10},
  url    = {https://www.mathworks.com/help/vision/ref/readapriltag.html},
}

@WWW{CalibrateStereoCamera,
  author = {Mathworks},
  title  = {Stereo Camera Calibrator},
  year   = {2023},
  date   = {2023-11-10},
  url    = {https://www.mathworks.com/help/vision/ref/stereocameracalibrator-app.html},
}

@WWW{AprilTagRepo,
  author = {The Regents of The University of Michigan},
  title  = {AprilTag-imgs},
  year   = {2023},
  date   = {2023-12-8},
  url    = {https://github.com/AprilRobotics/apriltag},
}

@Comment{jabref-meta: databaseType:biblatex;}
